% Encoding: UTF-8
@ARTICLE{Doll1954,
  author = {Doll, Richard and Hill, A Bradford},
  title = {The mortality of doctors in relation to their smoking habits: a preliminary
	report},
  journal = {British Medical Journal},
  year = {1954},
  volume = {328},
  pages = {1529-1533},
  number = {7455},
  owner = {jbuy519},
  timestamp = {2014.03.28}
}

@BOOK{Moore2002,
  title = {Introduction to the Practice of Statistics},
  publisher = {W. H. Freeman},
  year = {2002},
  author = {Moore, David and McCabe, George},
  owner = {jbuy519},
  timestamp = {2014.01.28}
}

@BOOK{Smits2011,
  title = {Onderzoek met SPSS en Excel},
  publisher = {Pearson Education},
  year = {2011},
  author = {Smits, Johan and Edens, Ronald},
  owner = {jbuy519},
  timestamp = {2014.01.23}
}

@inproceedings{Hagset2008,
    author = {Haugset, Børge and Hanssen, Geir},
    year = {2008},
    month = {09},
    pages = {27 - 38},
    title = {Automated Acceptance Testing: A Literature Review and an Industrial Case Study},
    isbn = {978-0-7695-3321-6},
    doi = {10.1109/Agile.2008.82}
}

@misc{Castro2019,
    author = "{Tulio Castro}",
    title = "End to End (e2e) – Angular Testing – Protractor vs Cypress",
    year = "2019",
    howpublished = "\url{https://techblog.fexcofts.com/2018/09/24/end-to-end-e2e-angular-testing-protractor-vs-cypress/}",
    note = "[Online; accessed 15-November-2019]"
}

@misc{Zaidman2019,
    author = "{Vitali Zaidman}",
    title = "An Overview of JavaScript Testing in 2019",
    year = "2019",
    howpublished = "\url{https://medium.com/welldone-software/an-overview-of-javascript-testing-in-2019-264e19514d0a}",
    note = "[Online; accessed 14-November-2019]"
}

@misc{Definition2019,
    author = "{Definition}",
    title = "Top 4 Unit Testing Tools for Angular and React Applications",
    year = "2019",
    howpublished = "\url{http://definitiontech.co/top-4-unit-testing-tools-for-angular-and-react-applications/}",
    note = "[Online; accessed 14-November-2019]"
}

@misc{Kamalizade2019,
    author = "{Ali Kamalizade}",
    title = "How to use Jest in Angular aka make unit testing great (again)",
    year = "2019",
    howpublished = "\url{http://definitiontech.co/top-4-unit-testing-tools-for-angular-and-react-applications/}",
    note = "[Online; accessed 14-November-2019]"
}

@misc{Roy2019,
    author = "{Arnab Roy}",
    title = "Top Eight JavaScript Automation Testing Frameworks In 2019",
    year = "2019",
    howpublished = "\url{https://dzone.com/articles/top-8-javascript-automation-testing-frameworks-in/}",
    note = "[Online; accessed 14-November-2019]"
}

@misc{Lotanna2019,
    author = "{Nwose Lotanna}",
    title = "Top Javascript Testing Frameworks in Demand for 2019",
    year = "2019",
    howpublished = "\url{https://blog.bitsrc.io/top-javascript-testing-frameworks-in-demand-for-2019-90c76e7777e9}",
    note = "[Online; accessed 14-November-2019]"
}

@misc{SoftwareTestingHelp2019,
    author = "{softwaretestinghelp.com}",
    title = "What Is End To End Testing: E2E Testing Framework With Examples",
    year = "2019",
    howpublished = "\url{https://www.softwaretestinghelp.com/what-is-end-to-end-testing/}",
    note = "[Online; accessed 8-December-2019]"
}

@Comment{jabref-meta: databaseType:biblatex;}
